@book{rudinfunctional,
	author = "Walter Rudin",
	title = "Functional Analysis",
	year = "1991",
	isbn = "0-07-054236-8",
	publisher = "McGraw-Hill, Inc.",
	pagetotal = "424",
	edition = "2"
}

@book{mccarty,
	author = "George McCarty",
	title = "Topology: An Introduction with Applications to Topological Groups",
	year = "1988",
	isbn = "0-486-65633-0",
	publisher = "Dover",
	pagetotal = "270"
}

@book{follandharmonic,
	author = "Gerald B. Folland",
	title = "A Course in Abstract Harmonic Analysis",
	year = "2015",
	isbn = "978-1-4987-2715-0",
	publisher = "CRC Press",
	pagetotal = "305"
}

@book{aluffi,
	author = "Paolo Aluffi",
	title = "Algebra: Chapter 0",
	year = "2009",
	isbn = "978-0-8216-4781-7",
	publisher = "American Mathematical Society",
	pagetotal = "713"
}

@book{leetopological,
	author = "John M. Lee",
	title = "Introduction to Topological Manifolds",
	year = "2011",
	isbn = "978-1-4419-7939-1",
	publisher = "Springer",
	pagetotal = "433",
	edition = "2",
    doi = "10.1007/978-1-4419-7940-7"
}

@book{willard,
	author = "Stephen Willard",
	title = "General Topology",
	year = "1970",
	publisher = "Addison-Wesley Publishing Company, Inc.",
	pagetotal = "369"
}

@book{munkres,
	author = "James R. Munkres",
	title = "Topology",
	year = "2000",
	isbn = "0-13-181629-2",
	publisher = "Prentice Hall, Inc.",
	pagetotal = "537",
	edition = "2"
}

@misc{pirttimäki2019,
	title = "A survey of Kolmogorov quotients", 
	author = "Teemu Pirttimäki",
	year = "2019",
	eprint = "1905.01157",
	archivePrefix = "arXiv"
}

@book{roman,
	author = "Steven Roman",
	title = "Advanced Linear Algebra",
	year = "2008",
	isbn = "978-0-387-72828-5",
	publisher = "Springer",
	pagetotal = "522",
	edition = "3"
}